@book{introductionInformationRetrieval,
author = {{Christopher D. Manning, Prabhakar Raghavan and Hinrich Sch{\"u}tze}},
title = {{Introduction to Information Retrieval}},
year = {2008},
publisher = {Cambridge University Press},
}


@inproceedings{Broder:2000:IFN:647819.736184,
 author = {Broder, Andrei Z.},
 title = {{Identifying and Filtering Near-Duplicate Documents}},
 booktitle = {Proceedings of the 11th Annual Symposium on Combinatorial Pattern Matching},
 series = {COM '00},
 year = {2000},
 pages = {1--10},
 numpages = {10},
 url = {http://dl.acm.org/citation.cfm?id=647819.736184},
 acmid = {736184},
 publisher = {Springer-Verlag},
 address = {London, UK, UK},
} 


@inproceedings{Tao:2013:GDN:2488388.2488499,
 author = {Tao, Ke and Abel, Fabian and Hauff, Claudia and Houben, Geert-Jan and Gadiraju, Ujwal},
 title = {{Groundhog Day: Near-duplicate Detection on Twitter}},
 booktitle = {Proceedings of the 22nd International Conference on World Wide Web},
 series = {WWW '13},
 year = {2013},
 location = {Rio de Janeiro, Brazil},
 pages = {1273--1284},
 numpages = {12},
 url = {http://dl.acm.org/citation.cfm?id=2488388.2488499},
 acmid = {2488499},
 publisher = {International World Wide Web Conferences Steering Committee},
 address = {Republic and Canton of Geneva, Switzerland},
 keywords = {diversification, duplicate detection, search, twitter},
} 

