@article{ponomareva2007conditional,
  title={Conditional random fields vs. hidden markov models in a biomedical named entity recognition task},
  author={Ponomareva, Natalia and Rosso, Paolo and Pla, Ferr{\'a}n and Molina, Antonio},
  journal={Proc. of Int. Conf. Recent Advances in Natural Language Processing, RANLP},
  pages={479--483},
  year={2007}
}
